2832 4822
136 399 144 420 ·
241 359 307 432 ³30

238 543 338 610 Most.
366 542 397 622 5,
425 565 456 622 a,
488 540 521 628 l·

317 679 379 736 uit:
398 696 458 736 scra
478 685 604 737 metuere
626 679 657 736 in
677 673 864 759 conspectum
886 675 965 738 illius
985 676 1130 741 occulunt.

232 795 295 871 ,Sic
325 797 416 862 eninr
449 819 489 860 ex
521 796 602 864 Mss.
639 795 808 862 Camerar.
842 822 879 861 re
907 798 994 863 osuit
1020 797 1159 889 Sciopp.
1186 821 1293 891 susp.

236 891 324 958 lectt.
352 918 385 984 p.
419 915 469 957 ιο.
494 915 558 983 pro
584 891 733 985 vulgatu:
754 823 956 986 proceciite.
1008 895 1056 958 Ea
1091 917 1153 960 vox
1179 901 1292 962 resti-

248 987 360 1054 uenda
392 1005 440 1054 est
470 987 702 1070 Pseudolu'r,
743 992 781 1066 3,
811 1013 865 1056 ao.
913 989 1184 1058 Occedamus
1222 989 1292 1060 ob·

235 1089 341 1158 viam.
366 1084 499 1178 Vulgo:
522 1083 740 1154 accedamus.
766 1087 915 1178 Respicit
932 1088 964 1152 h.
987 1087 1008 1152 l.
1029 1087 1158 1168 Festus,
1187 1095 1291 1174 cujus

265 1183 406 1276 etipsius
440 1183 542 1256 verba
576 1202 734 1277 corrupta
771 1185 819 1250 sic
856 1182 1029 1276 leguntur:
1070 1183 1321 1254 occidamur¹

237 1279 314 1370 (leg
358 1279 569 1348 Occedam
582 1283 649 1370 ns)
701 1276 853 1350 Planus
887 1285 996 1374 pontt
1020 1303 1117 1394 pro:
1159 1297 1289 1350 contra

237 1373 420 1456 cedamur,
447 1397 526 1446 cum
541 1374 723 1541 plurimae
748 1373 846 1444 uliae
866 1381 1147 1471 praepositiones
1160 1379 1288 1476 jumi-

232 1465 339 1544 liures
363 1429 444 1539 kuic
477 1496 543 1541 ver
565 1498 587 1542 0
618 1480 707 1543 sint·
743 1499 772 1542 v.
802 1469 975 1541 Guiliclm.
1001 1475 1160 1543 Pseudol.
1188 1503 1219 1544 c.
1247 1503 1284 1542 2.

237 1568 336 1636 Adde
362 1568 510 1634 Stich.
496 1595 526 1651 u,
555 1596 588 1652 a,
616 1571 673 1654 24.

314 1697 395 1757 Bona
412 1717 511 1758 scaeva
531 1711 681 1778 strenaque
707 1653 822 1761 obriam
843 1704 961 1762 occessit
982 1701 1070 1778 mihi,

237 1830 276 1879 ut
300 1809 429 1880 ibidem
456 1814 603 1878 correxit
632 1809 805 1877 Guilielm.
854 1811 962 1878 Nihili
999 1831 1071 1896 est,
1106 1813 1198 1908 quod
1237 1812 1284 1880 ‹l'e

236 1909 273 1977 lr.
298 1907 321 1974 l.
348 1911 492 1994 conjecit
516 1909 658 1976 Palmcr.
684 1909 793 2003 spicil.
819 1936 854 2002 p.
882 1913 961 1978 880.

319 2047 400 2106 Bona
419 2065 518 2126 spaera
537 2021 690 2126 strenaque
709 2045 767 2106 hoc
786 2046 856 2106 bulo
879 2048 994 2106 accessit
1015 2043 1097 2106 mihi.

238 2173 367 2243 Eadem
388 2197 455 2241 uox
480 2191 638 2266 corrupta
660 2173 785 2264 legitur
809 2171 883 2238 loco
910 2170 1062 2238 nondum
1080 2172 1157 2237 satis
1183 2171 1279 2240 illus-

236 2289 324 2337 tram
359 2269 498 2341 Trucul.
537 2295 572 2346 a,
600 2293 630 2357 7,
657 2271 734 2349 65„
761 2269 821 2333 ubi
848 2267 890 2333 dn
915 2270 1100 2335 Phronesio
1127 2269 1278 2361 puellula

237 2365 393 2433 rixantur
411 2364 533 2430 aemuli
551 2389 666 2430 servus
681 2365 788 2446 Geta,
802 2384 841 2431 et
857 2363 1007 2434 aemulus
1021 2364 1276 2458 Stratophanes,

320 2520 362 2579 st
381 2516 495 2589 Etiam,
515 2515 611 2574 Scelus
634 2515 713 2588 viri,
728 2515 881 2574 minitare?
902 2536 1040 2596 quem„
1009 2537 1062 2574 οσο

203 2599 205 2606 ’
278 2597 489 2674 Olintimjnm‚
512 2603 580 2674 jam,
603 2605 661 2674 jam
680 2597 872 2675 concipilabo
893 2565 1281 2694 Quidtibihucrputioesti

275 2672 363 2750 ‘Quid
383 2679 435 2738 tibi
451 2677 525 2736 hanc
545 2680 634 2738 aditio
655 2680 717 2738 est?
738 2677 968 2750 Quidlibibanc
983 2681 1064 2736 notio
1082 2690 1132 2752 est,
1151 2681 1281 2758 iuquam,

226 2759 228 2768 ’
278 2763 408 2821 Amicam
431 2760 548 2819 meam?
569 2763 705 2824 emoriere
727 2781 831 2839 ocyus,
859 2763 883 2819 si
903 2781 992 2818 manu
1011 2763 1123 2820 niceris.

281 2844 329 2905 Gr.
340 2841 448 2922 Quid,
470 2858 559 2902 manu
577 2841 719 2901 uicerim?
740 2847 780 2904 St.
800 2841 872 2914 Fac,
894 2841 1281 2978 quoldjussi.l‹1anc.Jarp

607 2939 609 2954 ¹
741 2969 742 2978 .
826 2944 878 3002 ego
901 2936 928 2982 tu
958 2944 995 2980 uc

202 3023 220 3056 “s
279 2977 403 3066 offatim
424 2963 590 3068 conficiam.
631 3007 680 3064 Ge.
701 3003 814 3064 Occidi.
836 3005 1000 3082 Optumum
1020 3015 1071 3065 est.
1100 3003 1202 3082 Captio
1224 3014 1278 3062 est·

780 3143 781 3146 ,
830 3087 912 3144 istam

280 3159 458 3227 Machaeram
480 3170 642 3248 longIorem
666 3165 774 3242 habes,
797 3188 883 3260 quam
907 3159 975 3226 haec
1004 3178 1055 3226 est
1094 3165 1154 3228 sed
1181 3186 1278 3226 verum

281 3251 349 3313 Siue
369 3251 439 3308 dum
450 3261 573 3328 petere,
593 3251 734 3328 siquidem
757 3239 982 3328 belligerandum
1004 3260 1046 3308 cst
1066 3259 1173 3308 tecum.

240 3368 346 3438 Ubi
335 3394 373 3436 m
397 3394 482 3436 vers.
508 3371 574 3437 6.
564 3353 610 3437 uta
634 3370 827 3465 legendum
841 3390 915 3448 est:

163 3534 165 3540 '
221 3571 222 3576 χ
273 3507 443 3568 Offatim
473 3510 639 3568 conficiam.
680 3511 732 3574 Ge.
770 3511 872 3567 Ocurri
900 3514 1091 3585 optumumst.
1116 3533 1158 3547 -
1178 3503 1279 3616 Captiu

838 3600 879 3647 cst
899 3599 952 3648 etc.
1284 3610 1287 3618 ·

239 3705 428 3798 UbiLips.
464 3703 574 3785 clectt.¹
605 3672 643 3787 i,
678 3731 733 3772 ar.
759 3705 845 3772 male
873 3705 1032 3788 conjecit:
1070 3701 1187 3773 occidi
1217 3729 1278 3800 op·

243 3810 461 3888 innumeri,
491 3801 971 3896 noncogitanschustol.
1000 3802 1022 3867 l.
1051 3803 1274 3884 emendam,

244 3925 348 3992 quem
375 3899 605 3986 cumoculos,
639 3899 722 3966 dum
747 3901 934 3980 scribebat,
972 3901 1099 3966 habuit.
1152 3897 1279 3970 Occedr'

244 4000 417 4091 optimum
443 4010 507 4080 est,
480 3999 635 4064 tverba
659 4017 737 4064 sunt
761 4000 925 4090 impetum
964 4022 1075 4064 acram
1099 3996 1136 4062 in
1161 3995 1276 4064 adver-

250 4096 375 4164 sarium
399 4049 561 4165 sacieritis.
589 4093 740 4190 Simplex
765 4095 929 4166 uerbum:
955 4089 1077 4164 cedere
1100 4117 1162 4188 pro
1189 4117 1274 4164 com-
