2848 4824
297 338 452 464 tt'

172 581 178 586 '
294 561 481 649 Prouupet·
501 573 563 621 vox
586 551 695 625 nihili
715 568 780 632 est,
806 568 883 618 neta
908 543 965 618 illa
992 572 1032 616 ex
1057 545 1169 615 addita
1185 559 1335 643 praepos

294 654 434 731 sitione,
462 675 561 743 quem
589 650 710 742 uliquis
737 648 779 715 ad
804 673 935 716 vocem:
965 645 1154 744 sponsione
1180 647 1335 740 adscrip-

294 768 390 816 seret.
415 748 595 814 V.-Heim.
622 745 727 839 praef.
757 772 792 838 p.
819 747 895 813 xil.
922 741 1095 811 Acidalius
1120 743 1207 811 hauc
1230 769 1334 838 prue-

291 847 493 938 positionem
518 865 675 936 separuns
700 866 719 908 t
743 865 825 910 voce
850 863 964 935 nuper
984 839 1116 907 scribit:

373 963 452 1034 Quas
470 964 625 1042 sponsione
643 981 698 1041 pro
717 979 812 1040 nuper
831 969 864 1018 tu
884 969 997 1019 exactus
1018 980 1063 1030 es,

291 1085 424 1154 insolita
453 1088 597 1154 maxime
627 1085 797 1177 positione
835 1083 1117 1176 praepositionis,
1164 1099 1197 1148 et
1226 1081 1333 1149 altera

291 1181 417 1278 syllaba
441 1185 533 1250 vocis
560 1203 676 1278 nuper
696 1175 733 1247 in
759 1181 826 1247 arsi
848 1172 966 1275 positu.
1006 1177 1096 1244 Dedi
1122 1177 1333 1246 emendatio-

289 1303 368 1346 nem
394 1279 589 1346 Hermenni.
979 1307 982 1312 ·

362 1375 403 1442 V.
437 1375 517 1461 444.
544 1370 656 1456 ,haud
690 1395 797 1443 nosco
821 1321 947 1464 tuuui]
994 1346 1203 1439 Gronovius:
1236 1368 1329 1452 hau,

289 1492 396 1540 nosco
421 1484 531 1540 tuum.
559 1461 770 1556 Simillimus,
783 1469 878 1538 locus
904 1495 956 1562 up.
973 1465 1051 1536 Ter.
1069 1470 1154 1536 Eun.
1173 1473 1206 1549 5,
1225 1471 1328 1550 t‚3t5.

255 1655 257 1664 ,
311 1637 318 1668 ¹.
366 1591 437 1652 Non
458 1593 601 1674 cognosco
622 1604 705 1652 tuum
727 1604 786 1651 tam
806 1581 1001 1670 stiper'bttm,¹

287 1695 348 1762 ubi
373 1699 544 1772 Donatus,
568 1696 698 1765 locutio
718 1693 953 1782 'unuotuudu‚
978 1697 1106 1789 inquit,
1131 1718 1251 1766 seusus
1267 1695 1328 1768 Iu'c

287 1806 356 1860 est:
394 1814 467 1862 nou
489 1789 649 1862 solebatis
673 1816 746 1862 esse
770 1807 844 1863 tum
869 1785 1030 1887 superii,-
1062 1790 1132 1862 hoc
1166 1809 1236 1886 tom
1269 1817 1327 1864 su·

277 1885 430 1984 perbum
460 1904 613 1960 uestium
644 1903 820 1974 nonest,
861 1913 934 1959 nou
966 1887 1073 1958 uestri
1102 1891 1219 1964 motis.
1267 1891 1325 1958 Ad

247 2049 250 2056 ,
284 2011 436 2054 normam
463 1988 562 2054 huius
586 1988 653 2054 loci
678 1987 875 2054 Terentinni
896 1986 971 2080 lego
995 1983 1098 2054 ltattd
1119 2013 1196 2054 etun
1221 1990 1325 2054 Bent-

283 2081 362 2150 leio.
389 2087 552 2151 sententia
577 2084 673 2150 haec:
705 2103 774 2151 non
800 2084 865 2152 hoc
889 2086 990 2150 vestri
1005 2084 1107 2150 moris
1134 2104 1197 2166 est,
1222 2087 1322 2152 bonis

221 2185 230 2194 ‘
277 2182 401 2246 *vestris
433 2181 534 2246 rebus
571 2179 671 2246 mulas
703 2206 793 2248 meos
827 2179 950 2247 ridere.
986 2180 1129 2257 Palmer.
1151 2181 1260 2275 spicil.
1286 2210 1322 2274 p.

284 2275 365 2364 859.
391 2297 456 2360 au,
482 2297 589 2344 nosco
617 2290 728 2345 tuum.
766 2277 853 2344 Nos:
889 2270 990 2372 Diess
1021 2283 1063 2346 ist
1093 2293 1189 2349 sotut
1217 2267 1322 2348 'nicht
1413 2313 1414 2316 ¹

281 2365 387 2440 detize
411 2374 486 2440 Art.

207 2455 211 2476 '
353 2466 393 2534 V.
421 2469 500 2554 455.
514 2463 776 2564 ferentarium]
800 2469 907 2536 Varro
933 2468 979 2534 de
1003 2469 1083 2564 ling.
1111 2470 1165 2541 lat.
1191 2497 1225 2562 p.
1256 2474 1316 2552 53,

279 2563 337 2652 49.
367 2560 524 2660 Gothofr.
552 2564 760 2662 Adsumptiui
784 2563 882 2642 duit,
918 2563 1020 2658 quod
1040 2563 1127 2636 olim
1150 2565 1319 2638 auctita-

279 2657 408 2728 buutur
429 2663 594 2743 inermes,
627 2665 690 2758 qui
714 2661 937 2734 succederent
960 2667 1103 2733 umiutt's
1127 2663 1315 2750 militium,

278 2755 302 2823 i.
328 2777 357 2825 e.
382 2761 513 2852 siquis
537 2779 656 2828 eorum
680 2759 875 2856 deperisset.
926 2763 970 2828 Iu
999 2763 1186 2831 Trinumo:
1211 2761 1241 2826 N
1251 2789 1316 2828 am

276 2849 405 2920 illum
440 2856 522 2934 tibi
560 2858 858 2943 ferentarium,
897 2879 920 2924 α
964 2854 1113 2940 erendO,
1154 2862 1224 2926 ie
1260 2865 1317 2928 ἰη-

277 2971 451 3022 anemae
472 2955 547 3022 εἰπε
571 2945 714 3035 fructu.-
754 2967 817 3022 uut
845 2971 917 3046 quo
966 2943 1151 3036 serenturii
1163 3011 1165 3020 .
1178 2953 1314 3047 equites

276 3045 319 3116 Izi
340 3045 438 3134 dicti,
464 3053 527 3141 qut'
544 3047 706 3118 eomodo
721 3048 902 3120 habebunt
924 3072 1042 3136 uuna,
1067 3073 1159 3145 quoe
1171 3053 1315 3136 jetten-

275 3139 347 3226 τάν,
382 3159 422 3212 ut
439 3141 616 3236 jaculum.
661 3143 920 3216 Huiuscemodi
942 3151 1074 3242 equites
1090 3149 1209 3243 pictos
1231 3143 1314 3215 vidi

275 3240 314 3304 iu
351 3233 555 3338 Aesculapii
588 3241 677 3314 aede
706 3257 824 3312 uetere
859 3256 894 3312 et
916 3243 1222 3312 FERENTARIOS
1247 3242 1312 3312 ud·

274 3332 425 3430 scriptos.

353 3433 387 3499 V.
416 3435 494 3520 464.
521 3439 576 3508 Sic
599 3437 651 3531 si]
677 3439 804 3507 Mutato
830 3456 968 3504 occentu
994 3437 1074 3504 dedi
1094 3461 1177 3532 pro:
1202 3441 1305 3508 sisic.

274 3531 315 3600 In
341 3530 542 3598 Asin-'extu
568 3535 768 3628 legendum:
792 3531 962 3629 plausum
995 3531 1179 3605 siclorum
1205 3533 1306 3604 datu.

273 3627 382 3718 Vulgo
407 3627 492 3694 male
524 3653 563 3694 ex
600 3631 670 3697 cod.
703 3633 814 3697 Barth.
841 3632 973 3724 legunt:
1005 3637 1037 3701 st'
1055 3629 1225 3728 plausum
1256 3637 1307 3700 sic

273 3725 405 3795 elutum
431 3724 529 3794 ciuus.
557 3725 621 3792 Vet
656 3727 739 3793 Cod.
767 3727 934 3794 Cametas.
959 3731 992 3794 st'
995 3729 1164 3823 plausum
1186 3730 1217 3798 si
1236 3727 1307 3799 cla·

272 3815 349 3892 ruui
374 3819 473 3890 ciuus.
500 3823 554 3892 Sic
577 3823 609 3891 si
631 3823 703 3916 lego
729 3825 827 3890 etiam
853 3826 926 3891 Mil.
955 3851 1039 3910 vegs.
1062 3825 1191 3920 penult.

312 3911 383 3986 'V.
411 3919 489 4003 466.
517 3913 720 4018 fitctioues]
755 3919 883 3988 Nonius
907 3947 941 4015 p.
969 3924 1049 4012 657,
1083 3947 1125 4013 ²7
1175 3921 1302 3994 Fectio

272 4012 400 4085 dieitur
419 4016 591 4088 titulorum
614 4038 799 4086 cousensus
822 4033 857 4087 et
887 4019 1093 4114 coiupirutio
1180 4015 1301 4116 factio

272 4117 353 4182 item
379 4115 555 4210 siguificat
576 4113 810 4210 opulentiam,
836 4114 1113 4202 abundumtum,
1146 4131 1181 4188 et
1203 4113 1301 4186 uobi-
