2832 4822
1099 350 1142 418 tt

23 531 24 536 ’
96 540 281 617 precantur
306 521 391 590 duce
417 521 593 592 Acidalio:
625 515 807 592 absumere
832 523 992 595 dicuntur
1017 515 1138 600 decoc-

23 645 24 652 ¹
98 637 212 701 tores,
239 622 300 713 qui
321 641 460 687 omnem·
480 644 554 686 rem
578 644 673 686 susm
698 619 934 714 abligurriunt.
972 625 1142 706 Quicum

96 718 299 786 necessitate
324 715 556 798 solverentur,
583 717 784 808 quidquam„
797 742 935 786 suorum
951 721 988 785 in
1004 746 1141 789 censum
1167 793 1171 802 Ἰ

98 814 305 895 dedicandi,
345 819 453 898 jocose
488 813 744 908 Pleusidippus:
782 816 943 898 absume,
981 818 1047 900 eit,
1079 818 1141 886 ali-

22 971 23 982 .
98 911 242 1004 quando
268 913 292 976 i.
314 936 343 977 c.
367 910 518 1002 decoque
545 929 616 996 tua,
642 937 684 976 ne
710 911 844 1005 semper
870 915 1061 981 censionem
1087 914 1153 982 fe-‘
1195 985 1198 996 ,

22 1045 23 1070 ι
97 1012 169 1077 cias
205 1011 227 1075 i.
252 1032 280 1073 e.
316 1031 358 1073 ne
395 1026 609 1100 semper-tua
634 1033 747 1075 coram
774 1033 912 1079 censore
936 1011 1138 1103 profitearis.

22 1141 23 1162 ι
97 1107 227 1173 Censet
253 1121 361 1170 autem
387 1129 521 1196 semper
544 1103 741 1184 Trachalio,
780 1129 857 1171 cum
891 1106 1030 1197 singulis
1062 1108 1139 1175 heri
1248 1172 1255 1184 ,

95 1203 277 1270 sententiis
303 1202 439 1268 subiicit
464 1201 633 1268 assensuri
658 1225 756 1266 sunm
782 1203 844 1267 isto
860 1202 963 1268 verbo
990 1224 1139 1279 censere.

95 1301 186 1366 Nam
224 1299 417 1364 censionem
453 1293 564 1364 facere
598 1296 719 1364 eodem
754 1321 855 1364 sensu
892 1296 975 1364 dicit
1011 1299 1137 1381 herus,

96 1394 389 1490 quemadmodum
402 1392 483 1460 alibi
497 1392 635 1460 dicitur:
662 1395 890 1460 ascensionem
903 1395 1029 1462 facere:
1054 1420 1135 1488 pro:

95 1492 295 1561 ascendere.
347 1490 447 1573 Quod
479 1491 536 1556 hic
567 1491 652 1560 item·
678 1489 777 1580 ¹addit
810 1508 924 1558 serr'us
966 1516 1021 1572 eo,
1055 1496 1136 1584 quia

101 1615 242 1676 suasum
268 1589 299 1654 ei
325 1604 395 1653 erat
419 1587 604 1653 absumere.
618 1627 667 1644 -
685 1586 753 1654 Alii
768 1589 813 1672 ita
834 1587 1018 1679 explicant:
1044 1614 1136 1656 sum·

93 1711 189 1754 mam
213 1686 264 1752 fac
289 1683 444 1765 tandem,
480 1709 523 1750 ne
548 1707 682 1778 semper
706 1682 872 1776 dispunge
898 1687 1133 1778 eticonspicm

96 1810 141 1851 an
166 1783 269 1876 probi
293 1783 424 1848 nummi
450 1785 525 1848 sint.
552 1781 650 1849 Hunc
675 1804 810 1848 sensum
834 1779 957 1849 elicere
977 1806 1011 1848 se
1034 1805 1133 1875 posse
1172 1799 1174 1802 ’

45 1959 46 1966 ¹
94 1897 219 1977 putant
243 1877 360 1947 collato
384 1878 522 1946 Trucul.
554 1902 581 1961 r,
613 1903 641 1962 r,
669 1877 724 1962 34.
768 1919 782 1952 ·,

177 2019 304 2102 Accipiat
323 2021 400 2079 illico
421 2037 557 2098 expense,
580 2035 674 2096 neque
693 2023 812 2076 censent.

95 2141 169 2211 sed
192 2143 249 2208 hic
271 2164 385 2208 versus
408 2137 461 2206 vel
485 2153 590 2204 metro
617 2155 774 2228 arguente
811 2153 987 2230 corruptus
1015 2117 1130 2202 emen-

94 2241 193 2307 datus
220 2236 468 2330 explicatosque
494 2251 543 2302 est
566 2235 607 2300 ab
632 2231 785 2300 Acidalio
828 2233 930 2300 Truc.
970 2259 998 2302 c.
1041 2258 1067 2300 ι.
1094 2259 1143 2326 Ρ.1

96 2341 178 2406 53ι.
203 2334 326 2402 Veram
350 2332 417 2399 loci
441 2329 601 2398 Rudentis
614 2327 881 2425 explicationem
913 2354 932 2396 e
962 2355 998 2395 re
1040 2330 1131 2395 mili-

94 2436 162 2501 tari
184 2433 283 2526 petiit
305 2430 449 2500 Pistor
439 2452 476 2494 ιιι
503 2425 555 2494 ed.
580 2431 721 2496 Taubm.
749 2446 782 2493 et
804 2444 881 2520 post
895 2418 992 2492 illum
1005 2427 1128 2493 Parcus

93 2529 223 2598 inlex
250 2530 322 2596 crit.
348 2553 373 2594 s.
400 2551 430 2592 v.
460 2528 656 2595 censionem
670 2519 814 2620 facere,
842 2539 874 2586 et
899 2546 923 2586 s
938 2546 966 2586 v.
979 2542 1126 2589 sumere.

91 2629 196 2695 Prius
229 2644 277 2694 est
313 2623 482 2692 delectum
515 2622 695 2691 militarem
728 2619 949 2702 habentium3
985 2617 1128 2686 alterum
1173 2705 1174 2708 Ἴ
1283 2657 1290 2670 ·

95 2749 241 2803 eorum,
269 2725 329 2814 qui
366 2707 524 2789 censione
561 2717 646 2784 facta
682 2715 824 2784 militem
860 2712 1054 2808 eliguntr
1038 2713 1126 2782 Nos.

94 2823 331 2913 ausrangiren.
356 2817 397 2886 V.
425 2815 571 2882 Gronov.
598 2812 641 2881 ad
664 2811 751 2880 Rud.
776 2811 799 2888 l
820 2810 844 2880 l.
946 2891 950 2898 J
1108 2821 1110 2828 ’

56 2949 65 2953 ·
168 2929 211 2994 V.
238 2927 319 3016 417.
343 2919 431 3013 ιἰχετ
433 2912 551 3016 otrih.
579 2948 607 2991 ι.
634 2925 752 2992 recitat
782 2921 853 2988 Cic.
890 2937 969 2988 orat.
997 2921 1035 2986 in
1059 2921 1124 2986 Pis.

95 3052 125 3090 c.
161 3029 216 3092 25.
251 3044 331 3090 extr.
365 3049 395 3091 ιι.
427 3023 550 3090 Mutet.
584 3020 625 3088 V
652 3021 691 3088 1.
718 3019 752 3105 4,
783 3041 834 3109 ¹9·
870 3016 1016 3084 Gronov
1044 3015 1123 3086 lect.
1170 3033 1174 3038 '

93 3120 201 3188 Plaut.
225 3147 261 3302 Ρ
289 3116 391 3203 343.

201 3219 304 3302 .4ι,ο.
309 3212 449 3312 opino]
473 3215 676 3290 Gronovius:
702 3216 836 3307 opinor.
862 3209 1016 3282 Alterum
1025 3211 1125 3282 metri

95 3339 194 3381 causa
167 3218 353 3407 Vscripsit
378 3314 560 3381 Acidalius.

166 3410 208 3476 V.
234 3411 315 3496 4ιι
330 3411 452 3504 pater]
477 3408 590 3478 Dorso
614 3409 776 3492 conjecit:
794 3405 902 3500 patri.

167 3509 209 3576 V
231 3509 315 3600 433.
340 3504 648 3599 drachumamm]
644 3503 782 3572 Eadem
805 3503 912 3572 forms
921 3501 1044 3597 legitur
1069 3525 1120 3596 ιΡ.

92 3605 172 3670 Ter.
199 3595 315 3675 Hesut.
344 3606 375 3684 3,
403 3607 434 3686 3,
461 3607 517 3718 4ο.
607 3623 623 3648 ’·

175 3735 252 3796 Huic
277 3733 496 3796 dmchumarum
517 3739 626 3816 argenti
646 3720 717 3796 hoec
743 3735 822 3794 mille
841 3731 956 3794 dederat
977 3740 1120 3829 mutuum.

94 3953 125 4022 G
164 3857 204 3922 V.
222 3857 302 3942 4ι6.
327 3871 418 3952 quas
440 3861 626 3950 spemione
648 3875 762 3951 nuper
785 3867 822 3922 tu
836 3848 895 3923 illa
910 3823 1123 3941 exacturos]
1196 3849 1201 3868 ”

127 3957 307 4023 ronovius:

174 4093 251 4165 Quas
272 4096 425 4176 sponsione
443 4109 589 4173 pronuper
609 4103 640 4152 tu
665 4100 778 4151 exactus
796 4105 833 4150 ω.
