2820 4818
1102 339 1150 450 ⁵9

103 617 119 692 ι
163 521 220 638 ¹r.
241 539 306 612 7²·
337 465 439 591 Nau
469 517 501 588 e·
533 518 635 586 ue
667 496 872 612 aegrotam]
902 507 1076 582 ternotus
1101 507 1148 576 us

121 639 205 715 egre:

184 767 271 836 Nam
283 777 308 834 ai
324 775 361 848 in
381 784 409 834 te
428 781 577 854 aegrotant
596 782 669 834 artes
688 772 824 852 antiquae
844 780 927 844 tuae,

108 893 111 898 ·
145 857 187 920 dc
207 862 231 918 si
252 856 408 916 demutant
427 876 521 915 mores
541 856 690 936 ingenium
712 866 816 924 tuum;

147 942 214 1000 Sire
234 942 391 998 immutare
409 939 452 996 ris
471 938 619 1018 ingenium
641 937 797 1009 moribus3
893 987 898 996 ,

144 1020 249 1102 Neque
269 1040 319 1080 eos
337 1020 472 1098 antiquos
490 1038 583 1084 servas
592 1060 604 1093 ,
615 1009 667 1080 'ast
684 1013 782 1097 capsas
801 1035 903 1078 noros.

106 1112 180 1204 de‘
198 1159 270 1203 uon
295 1151 345 1202 est
381 1159 467 1230 opus
490 1135 555 1202 hae
587 1131 858 1225 transpositione.
902 1127 1063 1196 Homines
1088 1123 1150 1194 de·

108 1249 276 1326 generant
308 1249 364 1298 ant
393 1256 543 1326 perse,
580 1247 638 1298 aut
668 1252 734 1338 N
765 1225 937 1294 saeculum
971 1243 1006 1294 et
1034 1245 1153 1292 mores

108 1329 267 1396 aliorum.
293 1329 364 1394 Jam
391 1345 643 1424 quae‘prorsus
668 1326 837 1394 eeuuaria
859 1340 956 1404 sunt,
980 1345 1045 1416 per
1060 1336 1154 1414 part..

106 1439 175 1496 aut
198 1425 458 1517 disjunguntur3
484 1450 572 1518 quae
596 1423 639 1491 ad
663 1423 757 1491 idem
778 1421 971 1490 membrum
985 1435 1148 1513 spectant,

106 1527 297 1618 persi-
321 1523 391 1592 sive
415 1529 610 1617 junguntur.
634 1521 807 1594 ,Alterum
836 1520 883 1585 h.·
900 1516 923 1586 l.
957 1515 1153 1583 membrum

107 1637 182 1686 est:
207 1621 302 1688 siin
328 1637 361 1686 te
386 1638 557 1712 aegrotant
581 1637 667 1688 artes
693 1619 849 1711 antiquae
866 1634 941 1684 tuae
967 1615 1071 1704 (ortes
1095 1612 1149 1678 di-

108 1717 157 1782 oit
171 1714 362 1803 indolem),
387 1719 457 1784 sire
481 1719 659 1800 immutare
689 1719 739 1784 ris
767 1715 944 1809 ingenium
976 1711 1148 1782 moribus:

111 1811 257 1905 alterum
281 1813 471 1880 membrum
496 1815 687 1883 annectitur
710 1837 790 1907 per:
815 1824 886 1880 aut.
927 1809 997 1876 Aut
1029 1808 1058 1874 si
1089 1805 1152 1872 de-

108 1927 242 1995 mutant
263 1932 373 1978 mores
398 1913 573 2006 ingenium
596 1923 710 1992 tuum,
736 1913 804 1976 ie.
829 1910 857 1974 si
882 1902 1053 1972 saeculum
1077 1923 1150 1968 mo·

108 2028 163 2086 res
189 2023 268 2073 tuos·
289 2011 486 2102 corrumpit.
523 2009 651 2075 Similis
676 2005 719 2072 ad
745 2002 1031 2071 construetionem
1055 1997 1156 2065 loeus
1201 2013 1204 2019 “

109 2100 282 2200 Amphitr,
304 2103 393 2197 prol.
419 2129 450 2173 v.
478 2106 535 2174 65.
561 2129 654 2197 sqq„
679 2125 783 2197 quem
803 2099 916 2169 loeum
940 2092 991 2166 ita
1009 2097 1083 2191 lego
1095 2117 1113 2166 ι’
1172 2155 1185 2180 ,
1243 2120 1246 2126 ’

192 2247 280 2312 Nune
300 2246 357 2314 hoe
377 2269 425 2310 me
444 2269 524 2312 orare
543 2271 560 2308 a
581 2249 663 2312 robis
682 2251 765 2327 jussit
783 2245 938 2340 iuppiter,

151 2329 194 2388 Ut
212 2339 422 2406 conquaestores
441 2333 546 2412 singuli
566 2333 597 2392 in
622 2331 756 2394 subsellia
852 2331 854 2338 ’
915 2343 919 2351 “

148 2409 225 2475 Eant
242 2430 296 2492 per
313 2421 403 2470 totam
426 2429 548 2473 caream*
564 2413 789 2493 spectatoribus;

149 2492 182 2548 si
202 2493 253 2560 eui
270 2492 392 2550 fautores
412 2492 553 2575 delegatos
572 2496 716 2569 viderint,

148 2570 193 2632 Ut
215 2569 260 2629 his
279 2573 310 2632 iu
329 2593 418 2646 cauea
430 2578 535 2656 pignus
555 2572 707 2656 capiantur
726 2585 817 2654 togae.

149 2654 209 2730 Qui
228 2656 284 2710 sire
297 2663 423 2728 palmam
444 2656 590 2717 audistine
611 2654 812 2726 histrionibus,

147 2735 207 2792 Seu
225 2737 344 2809 cuipiam
364 2737 488 2810 artifici,
514 2739 584 2810 (seu'
594 2758 646 2818 per
665 2739 783 2816 scriptas
802 2739 915 2810 literas,

149 2817 210 2871 Sive
229 2817 284 2894 ipsi
303 2815 470 2891 ambissint,
488 2839 538 2878 reu
557 2839 609 2898 per
627 2819 851 2893 internuntium)

149 2896 218 2955 Sire
238 2897 309 2955 adeo
327 2897 431 2956 aediles
450 2900 604 2977 perfidiose
624 2903 694 2980 quoi
715 2901 822 2975 duint,

147 2976 292 3055 Sirempae
310 2979 402 3058 legem
422 2972 503 3056 jussit
522 3001 579 3040 esse
598 2981 753 3060 luppiter,

146 3056 239 3130 Quasi
258 3061 453 3139 magistratum
473 3062 527 3128 sihi
546 3065 661 3128 alterive
680 3063 843 3126 ambirent·

109 3187 271 3258 Fautores
296 3185 366 3255 ‹rel
399 3188 621 3256 histrionibus
655 3189 709 3256 rel
742 3183 800 3254 alii
836 3186 957 3256 artifici
997 3185 1148 3283 cuipiam

112 3283 265 3354 ambiunt
288 3283 448 3378 palmam3
474 3286 628 3354 ambiunt
651 3305 763 3353 autem
784 3284 836 3352 vel
851 3309 916 3378 per
933 3283 1064 3372 literas,
1090 3285 1145 3357 vel

107 3381 194 3475 ipsi,
216 3379 271 3447 rel
293 3405 358 3476 per
382 3385 652 3453 internuntium:
694 3405 781 3478 quae
813 3379 897 3449 dicit
920 3377 1037 3449 videre
1062 3408 1144 3452 eon-2

111 3495 323 3572 quaestores,
348 3482 418 3547 sive
443 3479 568 3550 aediles
593 3479 716 3565 injuste
729 3480 878 3578 cuipiam
887 3477 1034 3575 palmam
1049 3481 1141 3548 dent.
1170 3485 1183 3502 '

110 3569 306 3650 Ambissint
328 3577 456 3660 scribo,
497 3594 535 3657 ut
558 3597 705 3672 congrua
730 3578 772 3644 sit
797 3596 988 3672 temporum
1006 3569 1143 3646 'conseq

110 3674 202 3740 cutio
225 3698 306 3766 prae
329 3698 420 3742 resso
443 3675 610 3770 perlecto:
641 3667 807 3751 ¹uiderint.
857 3673 992 3760 Deinde
1023 3671 1156 3739 ultima*

109 3770 209 3836 verbi
245 3699 428 3846 ambustitl
460 3795 529 3839 uon
563 3789 675 3866 potest
702 3775 741 3838 in
778 3773 844 3840 arsi
881 3793 963 3838 esse.
1013 3765 1140 3858 Vulgo:

109 3868 365 3958 Conquiritores
387 3907 437 3925 -
457 3868 527 3938 sivo
557 3869 620 3964 qui
655 3866 847 3938 ambissent
873 3860 1044 3960 palmam
1068 3860 1141 3934 tis-

109 3960 278 4032 triom'bus
297 4003 347 4030 ⁸.-
368 3967 438 4034 sive
460 3969 524 4060 qui
556 3965 624 4060 ipsi
645 3962 843 4034 ambissent.
887 3957 1046 4054 Denique
1077 3981 1141 4030 sen

110 4059 262 4166 nuptam
284 4085 365 4168 pro:
399 4083 462 4139 seu
488 4065 662 4168 cuiquam·
683 4060 777 4165 quod
808 4053 951 4162 scripti,
982 4082 1013 4129 v.
1039 4053 1082 4135 ad
1106 4083 1138 4135 u
