2856 4828
1139 391 1191 466 (id

151 541 218 622 snt
230 557 424 648 paternum
448 559 623 655 recepisse.
650 557 754 650 Idem·
771 558 898 634 Nonius
924 561 961 632 in
985 587 1015 631 v.
1040 563 1183 660 tecuiti-

151 654 261 722 tiurn..
287 655 514 746 Recustitium
540 672 681 727 ‘servum
713 657 863 754 quidam
893 657 940 728 ab
962 681 1004 728 eo
1020 667 1183 756 proprie-

150 758 225 814 tate
249 744 379 816 dictum
405 747 545 833 nolunt,
569 767 608 820 ut
628 759 661 822 si
675 778 838 848 nequam
863 745 1012 824 ermuli
1034 761 1094 843 sit,
1120 759 1187 852 qui

150 841 392 926 venundatur,
419 846 465 912 ob
488 845 628 942 aliquid
647 855 773 936 vitium
800 865 864 920 aett
888 852 1109 938 malefactum
1133 851 1183 920 ab

150 935 273 1028 aliquo
305 937 505 1012 districtiore
534 949 726 1036 recipiatur.
764 944 861 1027 ,Sed
880 971 966 1015 uera
1009 962 1059 1016 est
1089 947 1182 1038 haee

148 1032 225 1099 eius
249 1039 400 1104 nominis
423 1041 673 1134 irtteqsretotio,
701 1036 806 1134 quem
830 1043 868 1110 in
892 1039 984 1110 duta'
1007 1039 1090 1111 dote
1115 1055 1181 1114 out

148 1124 347 1224 donorione
372 1133 449 1224 quis
469 1138 663 1229 exceperit,
688 1136 791 1230 quod
811 1152 863 1205 est
870 1144 1017 1232 proprie
1038 1159 1179 1234 recepe-
1198 1168 1203 1176 ·

146 1223 200 1290 rt't.
222 1224 349 1293 'Plaut
379 1233 469 1296 Trite.
491 1233 755 1323 posticulum
781 1233 856 1300 hoc
881 1239 1064 1327 recepit,
1092 1261 1181 1304 cum

25 1313 28 1320 ’
147 1320 269 1386 aedis
301 1323 509 1391 vendidit.
543 1329 583 1394 A:
612 1325 697 1394 Geli.
719 1328 764 1414 N.
790 1327 831 1392 Α.
863 1351 913 1418 17,
951 1330 983 1396 6.
1023 1329 1180 1418 Quando

146 1413 276 1482 mulier
295 1413 413 1486 dotent
439 1410 562 1506 debu,
587 1437 661 1492 turn
685 1443 780 1518 quae
814 1439 861 1491 ex
883 1423 953 1494 suis
977 1415 1077 1494 ironis
1100 1431 1180 1494 reti·
1249 1505 1251 1512 y

110 1581 113 1585 ,
145 1508 276 1596 uehat,
302 1536 417 1606 neque
441 1515 492 1584 od
513 1517 619 1586 virum
644 1517 874 1600 nondicebat,
901 1542 942 1586 eu
960 1521 1110 1615 recepere
1127 1521 1179 1589 di·

144 1604 307 1688 uebatur:
331 1613 433 1678 sicuti
454 1635 547 1682 nunc
566 1635 709 1708 quoque
732 1615 769 1682 in
789 1613 1050 1684 venditionibus
1070 1619 1180 1710 recipi

144 1701 323 1786 dicuntur,
355 1707 458 1798 qune'
476 1712 714 1804 excutiuntur,
750 1731 865 1804 neque
894 1723 1058 1780 veneunt.
1098 1715 1178 1803 Quo

133 1795 253 1866 ,verbo
295 1799 443 1871 Plautus
482 1829 625 1900 quoque
659 1827 742 1874 usus
780 1820 831 1874 est
859 1810 895 1873 in
934 1811 1025 1875 Trin.
1079 1811 1179 1888 Pos-

144 1897 325 1962 ticulum
364 1897 442 1967 hoc
483 1905 672 1996 recepit,
726 1923 854 1994 quum
902 1903 1033 1970 aedes
1081 1927 1179 1968 ven-

144 1989 279 2074 didit,
301 2011 302 2016 ’
323 1997 346 2070 i,
377 2017 405 2062 e.
425 1989 428 1997 ’
447 2018 556 2089 quum
579 1995 707 2065 nudes
747 1992 925 2076 vendidit,
943 2059 945 2065 .
956 1993 1177 2089 particulam

138 2085 345 2180 quandam,
381 2109 475 2183 quae
490 2107 577 2186 post
599 2115 661 2160 eas
684 2089 794 2161 aedes
837 2105 926 2174 erut,
957 2111 1029 2159 non
1053 2091 1179 2162 vendi·
1299 2185 1304 2196 .

142 2179 216 2260 dit,
248 2183 314 2252 sed
332 2191 482 2256 retinuit.
514 2190 560 2262 V.
588 2189 735 2254 Gronov.
762 2187 947 2254 adsSenec.
974 2189 1106 2256 Consol.
1133 2187 1178 2255 ad
1218 2259 1230 2282 .

145 2279 250 2346 Marc.
278 2307 305 2347 c.
339 2306 389 2348 sn.
419 2285 548 2351 Ernest.
576 2283 656 2352 clav.
684 2284 755 2351 Cic.
787 2308 813 2350 s.
846 2308 875 2350 v.
901 2285 1018 2376 Topic.
1050 2283 1121 2362 Cic,
1145 2309 1178 2362 c.

144 2377 199 2440 26.
226 2378 339 2444 Pearc.
365 2377 408 2446 ed
435 2379 505 2448 Cic.
530 2381 562 2448 d.
588 2406 638 2449 or.
658 2381 687 2446 Ἰ.
711 2381 734 2448 l.
871 2397 872 2406 ’

81 2461 88 2476 ⁸
215 2509 255 2576 V.
287 2535 362 2600 ¹97·
388 2491 464 2581 Sed
481 2507 573 2606 quid
593 2511 680 2604 uisi]
708 2464 882 2580 Acidalius
909 2501 954 2578 iia
978 2510 1175 2603 distinguit:

226 2631 283 2689 Sed
304 2631 375 2708 quid
393 2631 461 2690 nist
488 2633 561 2692 cau.
578 2632 649 2709 quid
661 2629 761 2692 nuuc?
782 2634 858 2707 Meg.
879 2627 966 2708 Virgo
980 2647 1084 2705 nempe
1098 2627 1177 2707 apud

654 2765 656 2773 Α
744 2721 771 2768 te
791 2721 841 2771 eet.
873 2709 1006 2772 castita
1025 2719 1077 2772 cet.

139 2811 241 2882 Haud
264 2812 359 2878 male.
396 2811 435 2876 In
460 2761 552 2886 Asin.
581 2814 620 2893 5,
647 2801 766 2892 2,'·58.
792 2811 883 2906 logo:
930 2843 933 2848 ·

338 2937 389 2994 As.
408 2937 444 2992 In
464 2937 563 2994 oculos
582 2933 680 2994 invadi
699 2955 779 2995 nune
799 2945 839 2992 est
860 2935 1015 3010 optimum.

221 3013 281 3096 Ego
302 3019 353 3092 pol
373 3018 466 3078 vivam
488 3027 516 3075 et
535 3027 568 3074 tu
588 3015 699 3072 isthanc
719 3013 891 3074 hodienum
912 3025 962 3075 tuo
977 3031 1083 3093 magno
1097 3018 1178 3072 malo

220 3099 401 3158 invocatisti.
887 3145 889 3152 ,
1071 3098 1074 3107 “

139 3199 248 3294 Vulgo
273 3191 422 3266 istisnec.¹
454 3198 581 3266 Verba:
607 3201 652 3265 In
667 3196 786 3266 oculos
808 3234 857 3253 -·-
878 3199 1049 3290 optimum
1063 3195 1176 3276 eidem

139 3299 343 3363 Artemonne
368 3297 507 3387 assigno,
534 3319 619 3387 quae
643 3293 741 3385 vulgo'
768 3295 867 3360 habet
880 3296 1053 3384 parasitus.
1088 3293 1176 3361 Ver·

138 3397 184 3460 ba
208 3411 336 3463 autem:
361 3412 456 3459 nunc
475 3403 526 3457 est
544 3395 714 3484 optimum
730 3386 862 3467 invadi,
889 3385 1013 3456 cecedi
1027 3407 1060 3456 et
1072 3377 1172 3455 siinil.

140 3492 305 3584 impetum
322 3499 407 3562 'cum
431 3490 482 3552 ira
506 3486 700 3553 iacientium
726 3503 814 3554 suut.
842 3485 937 3562 Cous.
963 3483 1175 3569 adv-1140.

183 3685 188 3702 ι
213 3609 254 3675 V.
282 3616 360 3696 198.
376 3605 579 3699 juxtaque]
603 3603 732 3670 Laudat
742 3606 823 3694 ὴν.
841 3607 970 3673 Nonius
986 3608 1023 3670 in
1037 3630 1045 3670 ε
1060 3603 1176 3696 juxtn
1228 3679 1233 3686 .

140 3731 176 3801 p.
202 3703 293 3793 667,
322 3705 352 3770 5.
380 3696 539 3796 Gotlzofr.
564 3707 676 3772 tenta
697 3722 831 3770 rursum
844 3697 1008 3772 similiter.
1035 3686 1176 3774 Sullus'.

101 3839 108 3848 ·
140 3796 299 3894 tuguuu
334 3793 413 3865 bell.
436 3797 616 3885 Ity-eruenta
631 3811 736 3890 utque
768 3809 929 3866 aestatem
945 3796 1056 3893 juxta
1077 3789 1188 3886 poti.¹

142 3898 258 3966 Plane.
296 3898 387 3964 Trite.
432 3899 642 3984 juxtaque
686 3917 772 3960 eam
800 3903 913 3959 'scuto
952 3914 1037 3956 cum
1072 3913 1173 3957 mea.

142 3987 268 4066 Aulul.
292 3985 372 4057 dexi
394 3987 477 4070 tibi,
502 4001 636 4070 mater,
649 3987 762 4078 juxta
785 4007 920 4056 mecum
944 4007 1017 4052 rem
1042 3998 1146 4053 tenes.

214 4087 257 4156 V.
284 4088 365 4156 203.
391 4081 542 4182 assidui]
568 4082 651 4161 dicti
681 4079 868 4180 locupletes
874 4077 1022 4170 ,facile
1047 4103 1174 4152 neurius

1007 4177 1029 4250 5
